@article{johnson_how_2002,
	title = {How to write a good {BibTeX} file},
	volume = {1},
	issn = {1234-5678},
	url = {http://www.example.com/goodbibtex},
	doi = {10.1234/example.doi},
	number = {3},
	urldate = {2022-04-01},
	journal = {The Journal of Awesome BibTeX Files},
	author = {Johnson, Jane},
	year = {2002},
	pages = {42--53}
}